% BOOKS
@book{FractalAnalysis,
  author = {Carlo Cattani and Anouar Ben Mabrouk and Sabrine Arfaoui},
  title = {Fractal Analysis: Basic Concepts And Applications},
  year = {2022},
  publisher = {World Scientific Publishing Co. Pte. Ltd.}
}
@book{ChaosFractal,
  author = {Heinz-Otto Peitgen and Hartmut Jürgens and Dietmar Saupe},
  title = {Chaos and Fractals New Frontiers of Science},
  year = {2004},
  publisher = {Springer},
  edition = 2
}
@book{FractalWorlds,
  author = {Michael Frame and Amelia Urry},
  title = {Fractal Worlds: Grown, Built, and Imagined},
  year = {2016},
  publisher = {Yale University Press},
}
@book{KitchenScience,
  author = {Michael Frame and Nial Neger},
  title = {Kitchen Science Fractals: A Lab Manual for Fractal},
  year = {2021},
  publisher = {World Scientific Publishing Co. Pte. Ltd},
}
@book{FistCourseChaos,
  author = {Robert L. Devaney},
  title = {Chaos and Fractals New Frontiers of Science},
  year = {2020},
  publisher = {CRC Press},
  edition = 2
}
%% WEBS
@misc{JuliaMandelbrot,
      author = "Aprendemos Matemáticas",
      title = "Conjuntos de Julia y Mandelbrot",
      month = 5,
      year = 2024,
      url = "https://www3.gobiernodecanarias.org/medusa/ecoblog/mrodperv/fractales/conjuntos-de-julia-y-mandelbrot/"
}
@misc{Asociacionceat,
      author = "Asociacionceat",
      title = "Peano",
      month = 7,
      year = 2024,
      url = "https://www.asociacionceat.org/aw/2/peano.htm"
}
@misc{Mandelbrot2024,
      author = "IBM Inc.",
      title = "Benoît Mandelbrot",
      month = 1,
      year = 2024,
      url = "https://www.ibm.com/history/benoit-mandelbrot"
}
@misc{HistoriaFractales,
      author = "Complejidad.net.",
      title = "Historia de los fractales y de su geometría",
      month = 4,
      year = 2024,
      url = "https://complejidad.net/2017/03/21/historia-de-los-fractales-y-de-su-geometria/"
}
@misc{EFE,
      author = "EFE",
      title = "La historia de película de la catalana fractus cuya tecnología usa tu móvil",
      month = 8,
      year = 2024,
      url = "https://efe.com/cataluna/2023-01-09/la-historia-de-pelicula-de-la-catalana-fractus-cuya-tecnologia-usa-tu-movil-3/"
}
@misc{Lopez:koch,
      author = "Enric Lopez Uestes",
      title = "Curva de Koch",
      month = 7,
      year = 2024,
      url = "https://www.enriclopezruestes.cat/es/curva-de-Koch/"
}
@misc{Lopez:dragon,
      author = "Enric Lopez Uestes",
      title = "Curva del dragon",
      month = 7,
      year = 2024,
      url = "https://www.enriclopezruestes.cat/es/curva-del-drag%C3%B3n/"
}
@misc{Fractenna,
      author = "Fractal Antenna Systems",
      title = "Fractal Antenna Systems - Our technology",
      month = 8,
      year = 2024,
      url = "https://www.fractenna.com/our/our.html"
}
@misc{Fractus,
      author = "Fractus",
      title = "FRACTUS | Inventors, Innovators, Partners",
      month = 07,
      year = 2024,
      url = "https://www.fractus.com/"
}
@misc{Institucional,
      author = "Institucional",
      title = "Fractales: bellos y sin embargo útiles",
      month = 7,
      year = 2024,
      url = "https://institucional.us.es/blogimus/2018/10/fractales-bellos-y-sin-embargo-utiles/"
}
@misc{Mathigon,
      author = "Mathigon.org",
      title = "Fractal Course",
      month = 7,
      year = 2024,
      url = "https://es.mathigon.org/course/fractals/introduction"
}
@misc{Miteco,
      author = "Ministerio para la Transición Ecológica y el Reto Demográfico",
      title = "Exposiciones del ceneam",
      month = 7,
      year = 2024,
      url = "https://www.miteco.gob.es/es/ceneam/exposiciones-del-ceneam/exposiciones-itinerantes/copia_de_emergencia-climatica-2020.html"
}
@misc{Wikipedia2024:Hausdorff,
      author = "Viquipèdia",
      title = "Fractals per dimensió de Hausdorff",
      month = 7,
      year = 2024,
      url = "https://ca.wikipedia.org/wiki/Fractals_per_dimensi%C3%B3_de_Hausdorff"
}
@misc{Wikipedia2024:Mandelbrot,
      author = "Wikipedia",
      title = "Benoît Mandelbrot",
      month = 1,
      year = 2024,
      url = "https://es.wikipedia.org/wiki/Beno%C3%AEt_Mandelbrot"
}
